@conference{butler2004vfc,
  title={{Virtual fences for controlling cows}},
  author={Butler, Z. and Corke, P. and Peterson, R. and Rus, D.},
  booktitle={IEEE INTERNATIONAL CONFERENCE ON ROBOTICS AND AUTOMATION},
  volume={5},
  pages={4429--4436},
  year={2004},
  organization={IEEE; 1999}
}

@conference{kim2007hmc,
  title={{Health monitoring of civil infrastructures using wireless sensor networks}},
  author={Kim, S. and Pakzad, S. and Culler, D. and Demmel, J. and Fenves, G. and Glaser, S. and Turon, M.},
  booktitle={Proceedings of the 6th international conference on Information processing in sensor networks},
  pages={254--263},
  year={2007},
  organization={ACM New York, NY, USA}
}

@article{wanglin2006,
  title={{煤矿瓦斯报警无线传感器网络节点设计与实现}},
  author={王琳，别红霞，李锦涛，罗海勇，王非},
  journal={电子技术应用},
  volume={32},
  number={005},
  pages={71--73},
  year={2006}
}

@book{sohraby2007wsn,
  title={{Wireless sensor networks: technology, protocols, and applications}},
  author={Sohraby, K. and Minoli, D. and Znati, T.},
  year={2007},
  publisher={Wiley-Interscience}
}

@book{sunlimin2005,
  title={{无线传感器网络}},
  author={孙利民},
  year={2005},
  publisher={清华大学出版社}
}

@misc{tinyos-web,
  title = {TinyOS Web Site}, 
  author = {TinyOS Alliance}, 
  year = {}, 
  howpublished = {}, 
  key = {TinyOS}, 
  note = {http://www.tinyos.net}, 
  www_section = {sensors}, 
  www_remarks = {CS263 2003}, 
}

@article{gay2003nlh,
  title={{The nesC language: A holistic approach to networked embedded systems}},
  author={Gay, D. and Levis, P. and Von Behren, R. and Welsh, M. and Brewer, E. and Culler, D.},
  journal={Acm Sigplan Notices},
  volume={38},
  number={5},
  pages={1--11},
  year={2003},
  publisher={ACM New York, NY, USA}
}

@misc{gay2002nlr,
  title={{nesC Language Reference Manual}},
  author={Gay, D. and Levis, P. and Culler, D. and Brewer, E.},
  year={2005},
  publisher={August}
}

@misc{tep119,
  title={{TEP 119: Collection}},
  author={Fonseca, R. and Gnawali, O. and Jamieson, K. and Levis, P.}
}

@misc{tep123,
  title={{TEP 123: Collection Tree Protocol (CTP)}},
  author={Fonseca, R. and Gnawali, O. and Jamieson, K. and Kim, S. and Levis, P. and Woo, A.}
}

@misc{tep124,
  title={{TEP 124: The Link Estimation Exchange Protocol (LEEP)}},
  author={Gnawali, O.},
  year={2007},
  publisher={Feb}
}

@conference{fonseca2007fbw,
  title={{Four-bit wireless link estimation}},
  author={Fonseca, R. and Gnawali, O. and Jamieson, K. and Levis, P.},
  booktitle={Proceedings of the Sixth Workshop on Hot Topics in Networks (HotNets VI)},
  year={2007},
  organization={Citeseer}
}

@book{stevens1993tii,
  title={{TCP/IP illustrated (vol. 1): the protocols}},
  author={Stevens, W.R.},
  year={1993},
  publisher={Addison-Wesley Longman Publishing Co., Inc. Boston, MA, USA}
}

@book{bach1986duo,
 author = {Bach, Maurice J.},
 title = {The design of the UNIX operating system},
 year = {1986},
 isbn = {0-13-201799-7},
 publisher = {Prentice-Hall, Inc.},
 address = {Upper Saddle River, NJ, USA},
}

@conference{levis2003taa,
  title={{TOSSIM: Accurate and scalable simulation of entire TinyOS applications}},
  author={Levis, P. and Lee, N. and Welsh, M. and Culler, D.},
  booktitle={Proceedings of the 1st international conference on Embedded networked sensor systems},
  pages={126--137},
  year={2003},
  organization={ACM New York, NY, USA}
}

@conference{lee2007iws,
  title={{Improving wireless simulation through noise modeling}},
  author={Lee, H.J. and Cerpa, A. and Levis, P.},
  booktitle={Proceedings of the 6th international conference on Information processing in sensor networks},
  pages={21--30},
  year={2007},
  organization={ACM New York, NY, USA}
}

@article{todd2007dmgv,
  author = {Todd L. Veldhuizen},
  interHash = {93ad8aa50b81bce9e842e766eb3bcfb1},
  intraHash = {639990599bce06832398afba90f88f46},
  journal = {CoRR},
  note = {informal publication},
  title = {Dynamic Multilevel Graph Visualization},
  url = {http://dblp.uni-trier.de/db/journals/corr/corr0712.html#abs-0712-1549},
  volume = {abs/0712.1549},
  year = {2007},
  ee = {http://arxiv.org/abs/0712.1549},
  date = {2008-01-02}
}

@book{lixiaowei2007,
  title={{无线传感器网络技术}},
  author={李晓维},
  year={2007},
  publisher={北京理工大学出版社}
}

@article{liuliping2006,
  title={{无线传感器网络部署及其覆盖问题研究}},
  author={刘丽萍 and 王智 and 孙优贤},
  journal={电子与信息学报},
  volume={28},
  number={009},
  pages={1752--1757},
  year={2006}
}
