@misc{6lowpan,
  title = {http://www.ietf.org/html.charters/6lowpan-charter.html.},
  author = {6lowpan charter},
  year = {}, 
  howpublished = {}, 
  note = {}
}

@misc{moteiv,
	author = {Moteiv Corp.: Boomerang.},
	title = {http://www.moteiv.com/software.}
}
@misc{tinyos2,
	author = {Tinyos 2.},
	title = {http://www.tinyos.net/tinyos-2.x/doc.}
}
@misc{tep123,
	author={Tinyos 2 tep 123: The collection tree protocol.},
	title = {http://www.tinyos.net/tinyos-2.x/doc/txt/tep123.txt.}
}

@misc{multihoplqi,
	author = {MultiHopLQI.},
        title = {http://www.tinyos.net/tinyos-1.x/tos/lib/MultiHopLQI},
        year = {2004.}
}
@conference{aguayo2004llm,
  title={{Link-level measurements from an 802. 11 b mesh network}},
  author={Aguayo, D. and Bicket, J. and Biswas, S. and Judd, G. and Morris, R.},
  booktitle={Applications, Technologies, Architectures, and Protocols for Computer Communication: Proceedings of the 2004 conference on Applications, technologies, architectures, and protocols for computer communications: Portland, Oregon, USA},
  year={2004},
  organization={Association for Computing Machinery, Inc, One Astor Plaza, 1515 Broadway, New York, NY, 10036-5701, USA,}
}
@conference{chun2005mmr,
  title={{Mirage: A microeconomic resource allocation system for sensornet testbeds}},
  author={Chun, BN and Buonadonna, P. and AuYoung, A. and Ng, C. and Parkes, DC and Shneidman, J. and Snoeren, AC and Vahdat, A.},
  booktitle={Embedded Networked Sensors, 2005. EmNetS-II. The Second IEEE Workshop on},
  pages={19--28},
  year={2005}
}
@article{couto2003hpm,
  title={{A highthroughput path metric for multi-hop wireless networks}},
  author={Couto, DD and Aguayo, D. and Bicket, J. and Morris, R.},
  journal={Proceedings of the 9th Annual MOBICOM},
  year={2003}
}
@conference{gnawali2006tat,
  title={{The tenet architecture for tiered sensor networks}},
  author={Gnawali, O. and Jang, K.Y. and Paek, J. and Vieira, M. and Govindan, R. and Greenstein, B. and Joki, A. and Estrin, D. and Kohler, E.},
  booktitle={Proceedings of the 4th international conference on Embedded networked sensor systems},
  pages={153--166},
  year={2006},
  organization={ACM New York, NY, USA}
}
@conference{karp2000ggp,
  title={{GPSR: greedy perimeter stateless routing for wireless networks}},
  author={Karp, B. and Kung, HT},
  booktitle={Proceedings of the 6th annual international conference on Mobile computing and networking},
  pages={243--254},
  year={2000},
  organization={ACM New York, NY, USA}
}
@conference{kim2006aml,
  title={{On accurate measurement of link quality in multi-hop wireless mesh networks}},
  author={Kim, K.H. and Shin, K.G.},
  booktitle={Proceedings of the 12th annual international conference on Mobile computing and networking},
  pages={38--49},
  year={2006},
  organization={ACM New York, NY, USA}
}
@conference{langendoen2006mlp,
  title={{Murphy loves potatoes: Experiences from a pilot sensor network deployment in precision agriculture}},
  author={Langendoen, K. and Baggio, A. and Visser, O.},
  booktitle={Parallel and Distributed Processing Symposium, 2006. IPDPS 2006. 20th International},
  pages={8},
  year={2006}
}
@conference{mahajan2006aml,
  title={{Analyzing the MAC-level Behavior of Wireless Networks in the Wild}},
  author={Mahajan, R. and Rodrig, M. and Wetherall, D. and Zahorjan, J.},
  booktitle={Proceedings of the 2006 conference on Applications, technologies, architectures, and protocols for computer communications},
  pages={75--86},
  year={2006},
  organization={ACM New York, NY, USA}
}
@article{mainland2006fld,
  title={{Flask: A language for data-driven sensor network programs}},
  author={Mainland, G. and Welsh, M. and Morrisett, G.},
  journal={Harvard Univ., Cambridge, MA, Tech. Rep. TR-13-06},
  year={2006}
}
@conference{mao2007sss,
  title={{S4: Small state and small stretch routing protocol for large wireless sensor networks}},
  author={Mao, Y. and Wang, F. and Qiu, L. and Lam, S.S. and Smith, J.M.},
  booktitle={Proc. of NSDI},
  year={2007}
}
@conference{rangwala2006iaf,
  title={{Interference-aware fair rate control in wireless sensor networks}},
  author={Rangwala, S. and Gummadi, R. and Govindan, R. and Psounis, K.},
  booktitle={Proceedings of the 2006 conference on Applications, technologies, architectures, and protocols for computer communications},
  pages={63--74},
  year={2006},
  organization={ACM New York, NY, USA}
}
@conference{srinivasan2006ucp,
  title={{Understanding the causes of packet delivery success and failure in dense wireless sensor networks}},
  author={Srinivasan, K. and Dutta, P. and Tavakoli, A. and Levis, P.},
  booktitle={Proceedings of the 4th international conference on Embedded networked sensor systems},
  pages={419--420},
  year={2006},
  organization={ACM New York, NY, USA}
}
@misc{vasseur,
       author={J. P. Vasseur.},
      title={In IETF 69th Meeting.}
}
@conference{wernerallen2005fis,
  title={{Firefly-inspired sensor network synchronicity with realistic radio effects}},
  author={Werner-Allen, G. and Tewari, G. and Patel, A. and Welsh, M. and Nagpal, R.},
  booktitle={Proceedings of the 3rd international conference on Embedded networked sensor systems},
  pages={142--153},
  year={2005},
  organization={ACM New York, NY, USA}
}
@conference{woo2003tuc,
  title={{Taming the underlying challenges of reliable multihop routing in sensor networks}},
  author={Woo, A. and Tong, T. and Culler, D.},
  booktitle={Proceedings of the 1st international conference on Embedded networked sensor systems},
  pages={14--27},
  year={2003},
  organization={ACM New York, NY, USA}
}
@conference{zhao2003upd,
  title={{Understanding packet delivery performance in dense wireless sensor networks}},
  author={Zhao, J. and Govindan, R.},
  booktitle={Proceedings of the 1st international conference on Embedded networked sensor systems},
  pages={1--13},
  year={2003},
  organization={ACM New York, NY, USA}
}
@conference{zuniga2004atr,
  title={{Analyzing the transitional region in low power wireless links}},
  author={Zuniga, M. and Krishnamachari, B.},
  booktitle={Sensor and Ad Hoc Communications and Networks, 2004. IEEE SECON 2004. 2004 First Annual IEEE Communications Society Conference on},
  pages={517--526},
  year={2004}
}
